%% This BibTeX bibliography file was created using BibDesk.
%% http://bibdesk.sourceforge.net/


%% Created for Francesco Nori at 2015-04-30 09:59:24 +0200 


%% Saved with string encoding Unicode (UTF-8) 



@inproceedings{Traversaro2015,
	Author = {Traversaro, Silvio and Del Prete, Andrea and Ivaldi, Serena and Nori, Francesco},
	Booktitle = {Robotics and Automation (ICRA), 2015 IEEE International Conference on},
	Date-Added = {2015-04-30 07:57:21 +0000},
	Date-Modified = {2015-04-30 07:57:21 +0000},
	File = {:Users/adelpret/Documents/Mendeley Desktop/Traversaro et al/2015/Traversaro et al. - 2015 - Inertial parameters identification and joint torques estimation with proximal force torque sensing.pdf:pdf},
	Pdf = {http://hal.archives-ouvertes.fr/hal-01137215/document},
	Title = {{Inertial parameters identification and joint torques estimation with proximal force / torque sensing}},
	Year = {2015}}

@article{Romano14,
	Author = {Francesco Romano and Daniele Pucci and Francesco Nori},
	Bibsource = {dblp computer science bibliography, http://dblp.org},
	Biburl = {http://dblp.uni-trier.de/rec/bib/journals/corr/RomanoPN14},
	Date-Added = {2015-04-30 07:56:29 +0000},
	Date-Modified = {2015-04-30 07:56:41 +0000},
	Journal = {CoRR},
	Timestamp = {Mon, 02 Jun 2014 08:30:36 +0200},
	Title = {Collocated Adaptive Control of Underactuated Mechanical Systems},
	Url = {http://arxiv.org/abs/1405.5005},
	Volume = {abs/1405.5005},
	Year = {2014},
	Bdsk-Url-1 = {http://arxiv.org/abs/1405.5005}}

@article{Nori2015,
	Author = {Francesco Nori},
	Date-Added = {2015-04-29 07:48:36 +0000},
	Date-Modified = {2015-04-30 07:10:32 +0000},
	Journal = {submitted to the International Journal of Robotics Research},
	Title = {{{B}{E}{R}{D}{Y}: Bayesian Estimation for Robot Dynamics. {A Probabilistic Estimation of Whole-Body Dynamics with Redundant Measurements}}},
	Year = {2014}}

@inproceedings{delPrete2014,
	Author = {Del Prete, Andrea and Romano, Francesco and Natale, Lorenzo and Metta, Giorgio and Sandini, Giulio and Nori, Francesco},
	Booktitle = {Robotics and Automation (ICRA), 2014 IEEE International Conference on},
	Date-Added = {2015-04-29 07:46:35 +0000},
	Date-Modified = {2015-04-29 07:47:02 +0000},
	Organization = {IEEE},
	Pages = {2540--2545},
	Title = {Prioritized optimal control},
	Year = {2014}}

@inproceedings{Nori2004,
	Author = {Nori, Francesco and Frezza, Ruggero},
	Booktitle = {Proceedings of the Mediterranean Conference on Control and Automation},
	Date-Added = {2015-04-28 20:39:39 +0000},
	Date-Modified = {2015-04-28 20:39:45 +0000},
	Title = {Linear optimal control problems and quadratic cost functions estimation},
	Volume = {4},
	Year = {2004}}

@article{ivaldi2012,
	Author = {Ivaldi, S. and Sigaud, O. and Berret, B. and Nori, F.},
	Date-Added = {2015-04-28 18:38:30 +0000},
	Date-Modified = {2015-04-28 20:32:44 +0000},
	Journal = {Paladyn Journal of Behavioral Robotics},
	Number = {2},
	Pages = {75-91},
	Title = {From Humans to Humanoids: the Optimal Control Framework},
	Volume = {3},
	Year = {2012},
	Bdsk-Url-1 = {http://www.isir.upmc.fr/files/2012ACLI2471.pdf}}

@article{DelPrete2015,
	Author = {DelPrete, A., Nori, F., Metta, G., Natale, L.},
	Document_Type = {Article},
	Doi = {10.1016/j.robot.2014.08.016},
	Journal = {Robotics and Autonomous Systems},
	Number = {P1},
	Pages = {150-157},
	Source = {Scopus},
	Title = {Prioritized motion-force control of constrained fully-actuated robots: "task Space Inverse Dynamics"},
	Url = {http://www.scopus.com/inward/record.url?eid=2-s2.0-84915822232&partnerID=40&md5=1e8dcba967eb07024bba302556ed6c8c},
	Volume = {63},
	Year = {2015},
	Bdsk-Url-1 = {http://www.scopus.com/inward/record.url?eid=2-s2.0-84915822232&partnerID=40&md5=1e8dcba967eb07024bba302556ed6c8c},
	Bdsk-Url-2 = {http://dx.doi.org/10.1016/j.robot.2014.08.016}}

@article{Bisio2014,
	Art_Number = {e106172},
	Author = {Bisio, A., Sciutti, A., Nori, F., Metta, G., Fadiga, L., Sandini, G., Pozzo, T.},
	Document_Type = {Article},
	Doi = {10.1371/journal.pone.0106172},
	Journal = {PLoS ONE},
	Number = {8},
	Source = {Scopus},
	Title = {Motor contagion during human-human and human-robot interaction},
	Url = {http://www.scopus.com/inward/record.url?eid=2-s2.0-84924342439&partnerID=40&md5=91e4a422d3b1cecfce5cd42089e30f31},
	Volume = {9},
	Year = {2014},
	Bdsk-Url-1 = {http://www.scopus.com/inward/record.url?eid=2-s2.0-84924342439&partnerID=40&md5=91e4a422d3b1cecfce5cd42089e30f31},
	Bdsk-Url-2 = {http://dx.doi.org/10.1371/journal.pone.0106172}}

@conference{Romano20141354,
	Art_Number = {6967620},
	Author = {Romano, F., Fiorio, L., Sandini, G., Nori, F.},
	Document_Type = {Conference Paper},
	Doi = {10.1109/ISIC.2014.6967620},
	Journal = {2014 IEEE International Symposium on Intelligent Control, ISIC 2014},
	Pages = {1354-1359},
	Source = {Scopus},
	Title = {Control of a two-DOF manipulator equipped with a pnr-variable stiffness actuator},
	Url = {http://www.scopus.com/inward/record.url?eid=2-s2.0-84919361001&partnerID=40&md5=8a136f2d3a391d5d93436764d5e068c4},
	Year = {2014},
	Bdsk-Url-1 = {http://www.scopus.com/inward/record.url?eid=2-s2.0-84919361001&partnerID=40&md5=8a136f2d3a391d5d93436764d5e068c4},
	Bdsk-Url-2 = {http://dx.doi.org/10.1109/ISIC.2014.6967620}}

@conference{Ciliberto20143994,
	Art_Number = {6943124},
	Author = {Ciliberto, C., Fiorio, L., Maggiali, M., Natale, L., Rosasco, L., Metta, G., Sandini, G., Nori, F.},
	Document_Type = {Conference Paper},
	Doi = {10.1109/IROS.2014.6943124},
	Journal = {IEEE International Conference on Intelligent Robots and Systems},
	Pages = {3994-3999},
	Source = {Scopus},
	Title = {Exploiting global force torque measurements for local compliance estimation in tactile arrays},
	Url = {http://www.scopus.com/inward/record.url?eid=2-s2.0-84911499334&partnerID=40&md5=9477c5988a299762ffbe5ecad12acbc4},
	Year = {2014},
	Bdsk-Url-1 = {http://www.scopus.com/inward/record.url?eid=2-s2.0-84911499334&partnerID=40&md5=9477c5988a299762ffbe5ecad12acbc4},
	Bdsk-Url-2 = {http://dx.doi.org/10.1109/IROS.2014.6943124}}

@conference{Sciutti2014290,
	Author = {Sciutti, A., Patan{\`e}, L., Nori, F., Sandini, G.},
	Document_Type = {Conference Paper},
	Doi = {10.1145/2559636.2559823},
	Journal = {ACM/IEEE International Conference on Human-Robot Interaction},
	Pages = {290-291},
	Source = {Scopus},
	Title = {Development of perception of weight from human or robot lifting observation},
	Url = {http://www.scopus.com/inward/record.url?eid=2-s2.0-84896970507&partnerID=40&md5=a0d811f0d0f66ed73a109aa601085144},
	Year = {2014},
	Bdsk-Url-1 = {http://www.scopus.com/inward/record.url?eid=2-s2.0-84896970507&partnerID=40&md5=a0d811f0d0f66ed73a109aa601085144},
	Bdsk-Url-2 = {http://dx.doi.org/10.1145/2559636.2559823}}

@conference{DelPrete20143227,
	Art_Number = {6943010},
	Author = {DelPrete, A., Mansard, N., Nori, F., Metta, G., Natale, L.},
	Document_Type = {Conference Paper},
	Doi = {10.1109/IROS.2014.6943010},
	Journal = {IEEE International Conference on Intelligent Robots and Systems},
	Pages = {3227-3232},
	Source = {Scopus},
	Title = {Partial force control of constrained floating-base robots},
	Url = {http://www.scopus.com/inward/record.url?eid=2-s2.0-84911494817&partnerID=40&md5=ef90268e6852196fabb307e54af9e345},
	Year = {2014},
	Bdsk-Url-1 = {http://www.scopus.com/inward/record.url?eid=2-s2.0-84911494817&partnerID=40&md5=ef90268e6852196fabb307e54af9e345},
	Bdsk-Url-2 = {http://dx.doi.org/10.1109/IROS.2014.6943010}}

@article{Sciutti201480,
	Art_Number = {6776437},
	Author = {Sciutti, A., Patan{\`e}, L., Nori, F., Sandini, G.},
	Document_Type = {Article},
	Doi = {10.1109/TAMD.2014.2312399},
	Journal = {IEEE Transactions on Autonomous Mental Development},
	Number = {2},
	Pages = {80-92},
	Source = {Scopus},
	Title = {Understanding object weight from human and humanoid lifting actions},
	Url = {http://www.scopus.com/inward/record.url?eid=2-s2.0-84903158686&partnerID=40&md5=dc2558a9c9a540d7a5539c3d1777d3bf},
	Volume = {6},
	Year = {2014},
	Bdsk-Url-1 = {http://www.scopus.com/inward/record.url?eid=2-s2.0-84903158686&partnerID=40&md5=dc2558a9c9a540d7a5539c3d1777d3bf},
	Bdsk-Url-2 = {http://dx.doi.org/10.1109/TAMD.2014.2312399}}

@article{Broz2014534,
	Author = {Broz, F., Nehaniv, C.L., Belpaeme, T., Bisio, A., Dautenhahn, K., Fadiga, L., Ferrauto, T., Fischer, K., F{\"o}rster, F., Gigliotta, O., Griffiths, S., Lehmann, H., Lohan, K.S., Lyon, C., Marocco, D., Massera, G., Metta, G., Mohan, V., Morse, A., Nolfi, S., Nori, F., Peniak, M., Pitsch, K., Rohlfing, K.J., Sagerer, G., Sato, Y., Saunders, J., Schillingmann, L., Sciutti, A., Tikhanoff, V., Wrede, B., Zeschel, A., Cangelosi, A.},
	Document_Type = {Article},
	Doi = {10.1111/tops.12099},
	Journal = {Topics in Cognitive Science},
	Number = {3},
	Pages = {534-544},
	Source = {Scopus},
	Title = {The ITALK project: A developmental robotics approach to the study of individual, social, and linguistic learning},
	Url = {http://www.scopus.com/inward/record.url?eid=2-s2.0-84904965756&partnerID=40&md5=2b6db002a58b82a8cb59a34a018b10ab},
	Volume = {6},
	Year = {2014},
	Bdsk-Url-1 = {http://www.scopus.com/inward/record.url?eid=2-s2.0-84904965756&partnerID=40&md5=2b6db002a58b82a8cb59a34a018b10ab},
	Bdsk-Url-2 = {http://dx.doi.org/10.1111/tops.12099}}

@conference{Jamone20141360,
	Art_Number = {6967621},
	Author = {Jamone, L., Fumagalli, M., Natale, L., Nori, F., Metta, G., Sandini, G.},
	Document_Type = {Conference Paper},
	Doi = {10.1109/ISIC.2014.6967621},
	Journal = {2014 IEEE International Symposium on Intelligent Control, ISIC 2014},
	Pages = {1360-1365},
	Source = {Scopus},
	Title = {Control of physical interaction through tactile and force sensing during visually guided reaching},
	Url = {http://www.scopus.com/inward/record.url?eid=2-s2.0-84919341687&partnerID=40&md5=792f311ad4d5ad12ce7e35f18c335d88},
	Year = {2014},
	Bdsk-Url-1 = {http://www.scopus.com/inward/record.url?eid=2-s2.0-84919341687&partnerID=40&md5=792f311ad4d5ad12ce7e35f18c335d88},
	Bdsk-Url-2 = {http://dx.doi.org/10.1109/ISIC.2014.6967621}}

@article{Hoffman2014333,
	Author = {Hoffman, E.M., Traversaro, S., Rocchi, A., Ferrati, M., Settimi, A., Romano, F., Natale, L., Bicchi, A., Nori, F., Tsagarakis, N.G.},
	Document_Type = {Conference Paper},
	Journal = {Lecture Notes in Computer Science (including subseries Lecture Notes in Artificial Intelligence and Lecture Notes in Bioinformatics)},
	Pages = {333-346},
	Source = {Scopus},
	Title = {Yarp based plugins for gazebo simulator},
	Url = {http://www.scopus.com/inward/record.url?eid=2-s2.0-84927714420&partnerID=40&md5=9bcc435647a4a1e5f1ef29b4b20c66cf},
	Volume = {8906},
	Year = {2014},
	Bdsk-Url-1 = {http://www.scopus.com/inward/record.url?eid=2-s2.0-84927714420&partnerID=40&md5=9bcc435647a4a1e5f1ef29b4b20c66cf}}

@conference{Sciutti2014331,
	Art_Number = {6983002},
	Author = {Sciutti, A., Patane, L., Palinko, O., Nori, F., Sandini, G.},
	Document_Type = {Conference Paper},
	Doi = {10.1109/DEVLRN.2014.6983002},
	Journal = {IEEE ICDL-EPIROB 2014 - 4th Joint IEEE International Conference on Development and Learning and on Epigenetic Robotics},
	Pages = {331-336},
	Source = {Scopus},
	Title = {Developmental changes in children understanding robotic actions: The case of lifting},
	Url = {http://www.scopus.com/inward/record.url?eid=2-s2.0-84920911534&partnerID=40&md5=b05171d0ea1b5b17e23cdf3d95fadc22},
	Year = {2014},
	Bdsk-Url-1 = {http://www.scopus.com/inward/record.url?eid=2-s2.0-84920911534&partnerID=40&md5=b05171d0ea1b5b17e23cdf3d95fadc22},
	Bdsk-Url-2 = {http://dx.doi.org/10.1109/DEVLRN.2014.6983002}}

@conference{Sciutti2013,
	Art_Number = {6652557},
	Author = {Sciutti, A., Patane, L., Nori, F., Sandini, G.},
	Document_Type = {Conference Paper},
	Doi = {10.1109/DevLrn.2013.6652557},
	Journal = {2013 IEEE 3rd Joint International Conference on Development and Learning and Epigenetic Robotics, ICDL 2013 - Electronic Conference Proceedings},
	Source = {Scopus},
	Title = {Do humans need learning to read humanoid lifting actions?},
	Url = {http://www.scopus.com/inward/record.url?eid=2-s2.0-84891130295&partnerID=40&md5=c2da4fc99cfac006252ed90d678b1a55},
	Year = {2013},
	Bdsk-Url-1 = {http://www.scopus.com/inward/record.url?eid=2-s2.0-84891130295&partnerID=40&md5=c2da4fc99cfac006252ed90d678b1a55},
	Bdsk-Url-2 = {http://dx.doi.org/10.1109/DevLrn.2013.6652557}}

@conference{Nori20135981,
	Art_Number = {6697224},
	Author = {Nori, F., Sandini, G., Metta, G.},
	Document_Type = {Conference Paper},
	Doi = {10.1109/IROS.2013.6697224},
	Journal = {IEEE International Conference on Intelligent Robots and Systems},
	Pages = {5981-5987},
	Source = {Scopus},
	Title = {Model of cyclotorsion in a tendon driven eyeball: Theoretical model and qualitative evaluation on a robotic platform},
	Url = {http://www.scopus.com/inward/record.url?eid=2-s2.0-84893793994&partnerID=40&md5=de60a12ccc7c33f1ea6c5c2262432f2f},
	Year = {2013},
	Bdsk-Url-1 = {http://www.scopus.com/inward/record.url?eid=2-s2.0-84893793994&partnerID=40&md5=de60a12ccc7c33f1ea6c5c2262432f2f},
	Bdsk-Url-2 = {http://dx.doi.org/10.1109/IROS.2013.6697224}}

@conference{Berret20133029,
	Art_Number = {6696785},
	Author = {Berret, B. and Yung, I. and Nori, F.},
	Booktitle = {IEEE International Conference on Intelligent Robots and Systems},
	Date-Modified = {2015-04-29 07:44:07 +0000},
	Document_Type = {Conference Paper},
	Doi = {10.1109/IROS.2013.6696785},
	Pages = {3029-3034},
	Source = {Scopus},
	Title = {Open-loop stochastic optimal control of a passive noise-rejection variable stiffness actuator: Application to unstable tasks},
	Url = {http://www.scopus.com/inward/record.url?eid=2-s2.0-84893804254&partnerID=40&md5=e9c5c7aacb76e246f1a72e7777f5568d},
	Year = {2013},
	Bdsk-Url-1 = {http://www.scopus.com/inward/record.url?eid=2-s2.0-84893804254&partnerID=40&md5=e9c5c7aacb76e246f1a72e7777f5568d},
	Bdsk-Url-2 = {http://dx.doi.org/10.1109/IROS.2013.6696785}}

@article{Alessandro2013,
	Author = {Alessandro, C., Delis, I., Nori, F., Panzeri, S., Berret, B.},
	Document_Type = {Review},
	Doi = {10.3389/fncom.2013.00043},
	Journal = {Frontiers in Computational Neuroscience},
	Number = {APR 2013},
	Source = {Scopus},
	Title = {Muscle synergies in neuroscience and robotics: From input-space to task-space perspectives},
	Url = {http://www.scopus.com/inward/record.url?eid=2-s2.0-84875974591&partnerID=40&md5=de773b923381a8045d96314e342e4ae9},
	Year = {2013},
	Bdsk-Url-1 = {http://www.scopus.com/inward/record.url?eid=2-s2.0-84875974591&partnerID=40&md5=de773b923381a8045d96314e342e4ae9},
	Bdsk-Url-2 = {http://dx.doi.org/10.3389/fncom.2013.00043}}

@article{Sciutti2013329,
	Author = {Sciutti, A., Bisio, A., Nori, F., Metta, G., Fadiga, L., Sandini, G.},
	Document_Type = {Article},
	Doi = {10.1075/is.14.3.02sci},
	Journal = {Interaction Studies},
	Number = {3},
	Pages = {329-350},
	Source = {Scopus},
	Title = {Robots can be perceived as goal-oriented agents},
	Url = {http://www.scopus.com/inward/record.url?eid=2-s2.0-84902258321&partnerID=40&md5=fb609ab315c6d4313c3333d610ccf57b},
	Volume = {14},
	Year = {2013},
	Bdsk-Url-1 = {http://www.scopus.com/inward/record.url?eid=2-s2.0-84902258321&partnerID=40&md5=fb609ab315c6d4313c3333d610ccf57b},
	Bdsk-Url-2 = {http://dx.doi.org/10.1075/is.14.3.02sci}}

@conference{Gori2012544,
	Art_Number = {6651573},
	Author = {Gori, I., Pattacini, U., Nori, F., Metta, G., Sandini, G.},
	Document_Type = {Conference Paper},
	Doi = {10.1109/HUMANOIDS.2012.6651573},
	Journal = {IEEE-RAS International Conference on Humanoid Robots},
	Pages = {544-551},
	Source = {Scopus},
	Title = {DForC: A real-time method for reaching, tracking and obstacle avoidance in humanoid robots},
	Url = {http://www.scopus.com/inward/record.url?eid=2-s2.0-84891087847&partnerID=40&md5=e81d212aaeb94bdbc47e43eb7a8fd309},
	Year = {2012},
	Bdsk-Url-1 = {http://www.scopus.com/inward/record.url?eid=2-s2.0-84891087847&partnerID=40&md5=e81d212aaeb94bdbc47e43eb7a8fd309},
	Bdsk-Url-2 = {http://dx.doi.org/10.1109/HUMANOIDS.2012.6651573}}

@article{Parmiggiani2012,
	Art_Number = {1250027},
	Author = {Parmiggiani, A., Maggiali, M., Natale, L., Nori, F., Schmitz, A., Tsagarakis, N., Victor, J.S., Becchi, F., Sandini, G., Metta, G.},
	Document_Type = {Article},
	Doi = {10.1142/S0219843612500272},
	Journal = {International Journal of Humanoid Robotics},
	Number = {4},
	Source = {Scopus},
	Title = {The design of the iCub humanoid robot},
	Url = {http://www.scopus.com/inward/record.url?eid=2-s2.0-84872838618&partnerID=40&md5=122e7437c6dff5c7522e321eb0e25df9},
	Volume = {9},
	Year = {2012},
	Bdsk-Url-1 = {http://www.scopus.com/inward/record.url?eid=2-s2.0-84872838618&partnerID=40&md5=122e7437c6dff5c7522e321eb0e25df9},
	Bdsk-Url-2 = {http://dx.doi.org/10.1142/S0219843612500272}}

@conference{Berret2012222,
	Art_Number = {6651524},
	Author = {Berret, B. and Sandini, G. and Nori, F.},
	Booktitle = {IEEE-RAS International Conference on Humanoid Robots},
	Date-Modified = {2015-04-29 07:42:38 +0000},
	Document_Type = {Conference Paper},
	Doi = {10.1109/HUMANOIDS.2012.6651524},
	Pages = {222-227},
	Source = {Scopus},
	Title = {Design principles for muscle-like variable impedance actuators with noise rejection property via co-contraction},
	Url = {http://www.scopus.com/inward/record.url?eid=2-s2.0-84891066355&partnerID=40&md5=9c79ee865021c367e7b196df93349f08},
	Year = {2012},
	Bdsk-Url-1 = {http://www.scopus.com/inward/record.url?eid=2-s2.0-84891066355&partnerID=40&md5=9c79ee865021c367e7b196df93349f08},
	Bdsk-Url-2 = {http://dx.doi.org/10.1109/HUMANOIDS.2012.6651524}}

@conference{Fiorio2012502,
	Art_Number = {6651566},
	Author = {Fiorio, L. and Parmiggiani, A. and Berret, B. and Sandini, G. and Nori, F.},
	Booktitle = {IEEE-RAS International Conference on Humanoid Robots},
	Date-Modified = {2015-04-29 07:41:58 +0000},
	Document_Type = {Conference Paper},
	Doi = {10.1109/HUMANOIDS.2012.6651566},
	Pages = {502-507},
	Source = {Scopus},
	Title = {PnrVSA: Human-like actuator with non-linear springs in agonist-antagonist configuration},
	Url = {http://www.scopus.com/inward/record.url?eid=2-s2.0-84891135453&partnerID=40&md5=e3092361acdd020a5e0bee20c27ccae7},
	Year = {2012},
	Bdsk-Url-1 = {http://www.scopus.com/inward/record.url?eid=2-s2.0-84891135453&partnerID=40&md5=e3092361acdd020a5e0bee20c27ccae7},
	Bdsk-Url-2 = {http://dx.doi.org/10.1109/HUMANOIDS.2012.6651566}}

@conference{Nori2012473,
	Author = {Nori, F. and Berret, B. and Fiorio, L. and Parmiggiani, A. and Sandini, G.},
	Booktitle = {IFAC Proceedings Volumes (IFAC-PapersOnline)},
	Date-Modified = {2015-04-29 07:42:10 +0000},
	Document_Type = {Conference Paper},
	Doi = {10.3182/20120905-3-HR-2030.00175},
	Pages = {473-478},
	Source = {Scopus},
	Title = {Control of a single degree of freedom noise rejecting - Variable impedance actuator},
	Url = {http://www.scopus.com/inward/record.url?eid=2-s2.0-84880999975&partnerID=40&md5=51edef3de2779422275e63f23d59b392},
	Year = {2012},
	Bdsk-Url-1 = {http://www.scopus.com/inward/record.url?eid=2-s2.0-84880999975&partnerID=40&md5=51edef3de2779422275e63f23d59b392},
	Bdsk-Url-2 = {http://dx.doi.org/10.3182/20120905-3-HR-2030.00175}}

@conference{DelPrete20124048,
	Art_Number = {6385803},
	Author = {DelPrete, A., Nori, F., Metta, G., Natale, L.},
	Document_Type = {Conference Paper},
	Doi = {10.1109/IROS.2012.6385803},
	Journal = {IEEE International Conference on Intelligent Robots and Systems},
	Pages = {4048-4053},
	Source = {Scopus},
	Title = {Control of contact forces: The role of tactile feedback for contact localization},
	Url = {http://www.scopus.com/inward/record.url?eid=2-s2.0-84872330529&partnerID=40&md5=bf50b5eedebbbe64e37c95f3c164666b},
	Year = {2012},
	Bdsk-Url-1 = {http://www.scopus.com/inward/record.url?eid=2-s2.0-84872330529&partnerID=40&md5=bf50b5eedebbbe64e37c95f3c164666b},
	Bdsk-Url-2 = {http://dx.doi.org/10.1109/IROS.2012.6385803}}

@article{Fumagalli2012381,
	Author = {Fumagalli, M., Ivaldi, S., Randazzo, M., Natale, L., Metta, G., Sandini, G., Nori, F.},
	Document_Type = {Article},
	Doi = {10.1007/s10514-012-9291-2},
	Journal = {Autonomous Robots},
	Number = {4},
	Pages = {381-398},
	Source = {Scopus},
	Title = {Force feedback exploiting tactile and proximal force/torque sensing: Theory and implementation on the humanoid robot iCub},
	Url = {http://www.scopus.com/inward/record.url?eid=2-s2.0-84868376146&partnerID=40&md5=2b2887cce8627c332321910aae0953af},
	Volume = {33},
	Year = {2012},
	Bdsk-Url-1 = {http://www.scopus.com/inward/record.url?eid=2-s2.0-84868376146&partnerID=40&md5=2b2887cce8627c332321910aae0953af},
	Bdsk-Url-2 = {http://dx.doi.org/10.1007/s10514-012-9291-2}}

@conference{Alessandro2012924,
	Art_Number = {6290701},
	Author = {Alessandro, C., Nori, F.},
	Document_Type = {Conference Paper},
	Doi = {10.1109/BioRob.2012.6290701},
	Journal = {Proceedings of the IEEE RAS and EMBS International Conference on Biomedical Robotics and Biomechatronics},
	Pages = {924-930},
	Source = {Scopus},
	Title = {Identification of synergies by optimization of trajectory tracking tasks},
	Url = {http://www.scopus.com/inward/record.url?eid=2-s2.0-84866038057&partnerID=40&md5=204c79b444fc97bc49883eb38d2b086f},
	Year = {2012},
	Bdsk-Url-1 = {http://www.scopus.com/inward/record.url?eid=2-s2.0-84866038057&partnerID=40&md5=204c79b444fc97bc49883eb38d2b086f},
	Bdsk-Url-2 = {http://dx.doi.org/10.1109/BioRob.2012.6290701}}

@conference{Patane20121252,
	Art_Number = {6290827},
	Author = {Patane, L., Sciutti, A., Berret, B., Squeri, V., Masia, L., Sandini, G., Nori, F.},
	Document_Type = {Conference Paper},
	Doi = {10.1109/BioRob.2012.6290827},
	Journal = {Proceedings of the IEEE RAS and EMBS International Conference on Biomedical Robotics and Biomechatronics},
	Pages = {1252-1257},
	Source = {Scopus},
	Title = {Modeling kinematic forward model adaptation by modular decomposition},
	Url = {http://www.scopus.com/inward/record.url?eid=2-s2.0-84867414320&partnerID=40&md5=d6d73f9235438d795494bf69a960c328},
	Year = {2012},
	Bdsk-Url-1 = {http://www.scopus.com/inward/record.url?eid=2-s2.0-84867414320&partnerID=40&md5=d6d73f9235438d795494bf69a960c328},
	Bdsk-Url-2 = {http://dx.doi.org/10.1109/BioRob.2012.6290827}}

@article{Jamone2012,
	Art_Number = {1250017},
	Author = {Jamone, L., Natale, L., Nori, F., Metta, G., Sandini, G.},
	Document_Type = {Article},
	Doi = {10.1142/S021984361250017X},
	Journal = {International Journal of Humanoid Robotics},
	Number = {3},
	Source = {Scopus},
	Title = {Autonomous online learning of reaching behavior in a humanoid robot},
	Url = {http://www.scopus.com/inward/record.url?eid=2-s2.0-84867887519&partnerID=40&md5=c0be5e11e104325530934f6ac986de58},
	Volume = {9},
	Year = {2012},
	Bdsk-Url-1 = {http://www.scopus.com/inward/record.url?eid=2-s2.0-84867887519&partnerID=40&md5=c0be5e11e104325530934f6ac986de58},
	Bdsk-Url-2 = {http://dx.doi.org/10.1142/S021984361250017X}}

@article{Sciutti2012223,
	Author = {Sciutti, A., Bisio, A., Nori, F., Metta, G., Fadiga, L., Pozzo, T., Sandini, G.},
	Document_Type = {Review},
	Doi = {10.1007/s12369-012-0143-1},
	Journal = {International Journal of Social Robotics},
	Number = {3},
	Pages = {223-234},
	Source = {Scopus},
	Title = {Measuring Human-Robot Interaction Through Motor Resonance},
	Url = {http://www.scopus.com/inward/record.url?eid=2-s2.0-84864823462&partnerID=40&md5=721659ba2236b54a7ae4dd87a36db1fd},
	Volume = {4},
	Year = {2012},
	Bdsk-Url-1 = {http://www.scopus.com/inward/record.url?eid=2-s2.0-84864823462&partnerID=40&md5=721659ba2236b54a7ae4dd87a36db1fd},
	Bdsk-Url-2 = {http://dx.doi.org/10.1007/s12369-012-0143-1}}

@conference{Berret20114354,
	Art_Number = {6048586},
	Author = {Berret, B. and Ivaldi, S. and Nori, F. and Sandini, G.},
	Booktitle = {IEEE International Conference on Intelligent Robots and Systems},
	Date-Modified = {2015-04-29 07:43:55 +0000},
	Document_Type = {Conference Paper},
	Doi = {10.1109/IROS.2011.6048586},
	Pages = {4354-4359},
	Source = {Scopus},
	Title = {Stochastic optimal control with variable impedance manipulators in presence of uncertainties and delayed feedback},
	Url = {http://www.scopus.com/inward/record.url?eid=2-s2.0-84455174355&partnerID=40&md5=83381795a6215ceebbaf74dcb7473b89},
	Year = {2011},
	Bdsk-Url-1 = {http://www.scopus.com/inward/record.url?eid=2-s2.0-84455174355&partnerID=40&md5=83381795a6215ceebbaf74dcb7473b89},
	Bdsk-Url-2 = {http://dx.doi.org/10.1109/IROS.2011.6048586}}

@conference{DelPrete20113694,
	Art_Number = {6048537},
	Author = {DelPrete, A., Denei, S., Natale, L., Mastrogiovanni, F., Nori, F., Cannata, G., Metta, G.},
	Document_Type = {Conference Paper},
	Doi = {10.1109/IROS.2011.6048537},
	Journal = {IEEE International Conference on Intelligent Robots and Systems},
	Pages = {3694-3700},
	Source = {Scopus},
	Title = {Skin spatial calibration using force/torque measurements},
	Url = {http://www.scopus.com/inward/record.url?eid=2-s2.0-84455195554&partnerID=40&md5=0e608525df71b7a7707c6ea0d91b2e7a},
	Year = {2011},
	Bdsk-Url-1 = {http://www.scopus.com/inward/record.url?eid=2-s2.0-84455195554&partnerID=40&md5=0e608525df71b7a7707c6ea0d91b2e7a},
	Bdsk-Url-2 = {http://dx.doi.org/10.1109/IROS.2011.6048537}}

@conference{Ciliberto20114154,
	Art_Number = {6048661},
	Author = {Ciliberto, C., Pattacini, U., Natale, L., Nori, F., Metta, G.},
	Document_Type = {Conference Paper},
	Doi = {10.1109/IROS.2011.6048661},
	Journal = {IEEE International Conference on Intelligent Robots and Systems},
	Pages = {4154-4160},
	Source = {Scopus},
	Title = {Reexamining Lucas-Kanade method for real-time independent motion detection: Application to the iCub humanoid robot},
	Url = {http://www.scopus.com/inward/record.url?eid=2-s2.0-84455161799&partnerID=40&md5=5fbc298041604f0f84fef556d83d6468},
	Year = {2011},
	Bdsk-Url-1 = {http://www.scopus.com/inward/record.url?eid=2-s2.0-84455161799&partnerID=40&md5=5fbc298041604f0f84fef556d83d6468},
	Bdsk-Url-2 = {http://dx.doi.org/10.1109/IROS.2011.6048661}}

@conference{Randazzo20114161,
	Art_Number = {6048660},
	Author = {Randazzo, M. and Fumagalli, M. and Nori, F. and Natale, L. and Metta, G. and Sandini, G.},
	Booktitle = {IEEE International Conference on Intelligent Robots and Systems},
	Date-Modified = {2015-04-29 09:27:35 +0000},
	Document_Type = {Conference Paper},
	Doi = {10.1109/IROS.2011.6048660},
	Pages = {4161-4167},
	Source = {Scopus},
	Title = {A comparison between joint level torque sensing and proximal F/T sensor torque estimation: Implementation on the iCub},
	Year = {2011},
	Bdsk-Url-1 = {http://www.scopus.com/inward/record.url?eid=2-s2.0-84455173174&partnerID=40&md5=7a3afc4718b7c2736892ef7f1afdf422},
	Bdsk-Url-2 = {http://dx.doi.org/10.1109/IROS.2011.6048660}}

@article{Fiorilla20112945,
	Author = {Fiorilla, A.E., Nori, F., Masia, L., Sandini, G.},
	Document_Type = {Article},
	Doi = {10.1007/s10439-011-0381-7},
	Journal = {Annals of Biomedical Engineering},
	Number = {12},
	Pages = {2945-2954},
	Source = {Scopus},
	Title = {Finger impedance evaluation by means of hand exoskeleton},
	Url = {http://www.scopus.com/inward/record.url?eid=2-s2.0-80755163524&partnerID=40&md5=af7ef8455018099263e02b1344864643},
	Volume = {39},
	Year = {2011},
	Bdsk-Url-1 = {http://www.scopus.com/inward/record.url?eid=2-s2.0-80755163524&partnerID=40&md5=af7ef8455018099263e02b1344864643},
	Bdsk-Url-2 = {http://dx.doi.org/10.1007/s10439-011-0381-7}}

@conference{Metta201124,
	Art_Number = {6301975},
	Author = {Metta, G., Natale, L., Nori, F., Sandini, G.},
	Document_Type = {Conference Paper},
	Doi = {10.1109/ARSO.2011.6301975},
	Journal = {Proceedings of IEEE Workshop on Advanced Robotics and its Social Impacts, ARSO},
	Pages = {24-26},
	Source = {Scopus},
	Title = {The iCub project: An open source platform for research in embodied cognition},
	Url = {http://www.scopus.com/inward/record.url?eid=2-s2.0-84870362931&partnerID=40&md5=da99e0c76e05be4687e9a2ed40bfff37},
	Year = {2011},
	Bdsk-Url-1 = {http://www.scopus.com/inward/record.url?eid=2-s2.0-84870362931&partnerID=40&md5=da99e0c76e05be4687e9a2ed40bfff37},
	Bdsk-Url-2 = {http://dx.doi.org/10.1109/ARSO.2011.6301975}}

@article{Berret20112086,
	Author = {Berret, B. and Chiovetto, E. and Nori, F. and Pozzo, T.},
	Date-Modified = {2015-04-28 20:56:42 +0000},
	Document_Type = {Article},
	Doi = {10.1152/jn.01063.2010},
	Journal = {Journal of Neurophysiology},
	Number = {4},
	Pages = {2086-2102},
	Source = {Scopus},
	Title = {Manifold reaching paradigm: How do we handle target redundancy?},
	Url = {http://www.scopus.com/inward/record.url?eid=2-s2.0-80054010597&partnerID=40&md5=60a7bb050884bc70375ca5295584660a},
	Volume = {106},
	Year = {2011},
	Bdsk-Url-1 = {http://www.scopus.com/inward/record.url?eid=2-s2.0-80054010597&partnerID=40&md5=60a7bb050884bc70375ca5295584660a},
	Bdsk-Url-2 = {http://dx.doi.org/10.1152/jn.01063.2010}}

@article{Berret2011,
	Art_Number = {e1002183},
	Author = {Berret, B., Chiovetto, E., Nori, F., Pozzo, T.},
	Document_Type = {Article},
	Doi = {10.1371/journal.pcbi.1002183},
	Journal = {PLoS Computational Biology},
	Number = {10},
	Source = {Scopus},
	Title = {Evidence for composite cost functions in arm movement planning: An inverse optimal control approach},
	Url = {http://www.scopus.com/inward/record.url?eid=2-s2.0-80055085712&partnerID=40&md5=1d305fb5cc1c5d0e5f19dd42aaa72760},
	Volume = {7},
	Year = {2011},
	Bdsk-Url-1 = {http://www.scopus.com/inward/record.url?eid=2-s2.0-80055085712&partnerID=40&md5=1d305fb5cc1c5d0e5f19dd42aaa72760},
	Bdsk-Url-2 = {http://dx.doi.org/10.1371/journal.pcbi.1002183}}

@conference{Ivaldi2011521,
	Art_Number = {6100813},
	Author = {Ivaldi, S., Fumagalli, M., Randazzo, M., Nori, F., Metta, G., Sandini, G.},
	Document_Type = {Conference Paper},
	Doi = {10.1109/Humanoids.2011.6100813},
	Journal = {IEEE-RAS International Conference on Humanoid Robots},
	Pages = {521-528},
	Source = {Scopus},
	Title = {Computing robot internal/external wrenches by means of inertial, tactile and F/T sensors: Theory and implementation on the iCub},
	Url = {http://www.scopus.com/inward/record.url?eid=2-s2.0-84927802812&partnerID=40&md5=47babae1d0df25961cfd06db77365bd4},
	Year = {2011},
	Bdsk-Url-1 = {http://www.scopus.com/inward/record.url?eid=2-s2.0-84927802812&partnerID=40&md5=47babae1d0df25961cfd06db77365bd4},
	Bdsk-Url-2 = {http://dx.doi.org/10.1109/Humanoids.2011.6100813}}

@conference{Pattacini20101668,
	Art_Number = {5650851},
	Author = {Pattacini, U. and Nori, F. and Natale, L. and Metta, G. and Sandini, G.},
	Booktitle = {IEEE/RSJ 2010 International Conference on Intelligent Robots and Systems, IROS 2010 - Conference Proceedings},
	Date-Modified = {2015-04-29 12:28:48 +0000},
	Document_Type = {Conference Paper},
	Doi = {10.1109/IROS.2010.5650851},
	Pages = {1668-1674},
	Source = {Scopus},
	Title = {An experimental evaluation of a novel minimum-jerk Cartesian controller for humanoid robots},
	Url = {http://www.scopus.com/inward/record.url?eid=2-s2.0-78651492866&partnerID=40&md5=bca8b412b721d424d94daa135127b4b1},
	Year = {2010},
	Bdsk-Url-1 = {http://www.scopus.com/inward/record.url?eid=2-s2.0-78651492866&partnerID=40&md5=bca8b412b721d424d94daa135127b4b1},
	Bdsk-Url-2 = {http://dx.doi.org/10.1109/IROS.2010.5650851}}

@conference{Metta2010b,
	Author = {Metta, G., Natale, L., Nori, F., Pattacini, U., Sandini, G., Vernon, D., Santos-Victor, J., Bernardino, A., Lopes, M., Montesano, L.},
	Document_Type = {Conference Paper},
	Journal = {4th International Conference on Cognitive Systems, CogSys 2010},
	Page_Count = {1},
	Source = {Scopus},
	Title = {Robotic open-architecture technology for cognition, understanding, and behaviours - FP6-IST-004370},
	Url = {http://www.scopus.com/inward/record.url?eid=2-s2.0-84878319136&partnerID=40&md5=f3b1786bffa9e50f854a50b6ef3f5f50},
	Year = {2010},
	Bdsk-Url-1 = {http://www.scopus.com/inward/record.url?eid=2-s2.0-84878319136&partnerID=40&md5=f3b1786bffa9e50f854a50b6ef3f5f50}}

@conference{Ivaldi20101290,
	Art_Number = {5649121},
	Author = {Ivaldi, S., Fumagalli, M., Nori, F., Baglietto, M., Metta, G., Sandini, G.},
	Document_Type = {Conference Paper},
	Doi = {10.1109/IROS.2010.5649121},
	Journal = {IEEE/RSJ 2010 International Conference on Intelligent Robots and Systems, IROS 2010 - Conference Proceedings},
	Pages = {1290-1296},
	Source = {Scopus},
	Title = {Approximate optimal control for reaching and trajectory planning in a humanoid robot},
	Url = {http://www.scopus.com/inward/record.url?eid=2-s2.0-78651519482&partnerID=40&md5=8a822834b4890f88db458530149f153e},
	Year = {2010},
	Bdsk-Url-1 = {http://www.scopus.com/inward/record.url?eid=2-s2.0-78651519482&partnerID=40&md5=8a822834b4890f88db458530149f153e},
	Bdsk-Url-2 = {http://dx.doi.org/10.1109/IROS.2010.5649121}}

@conference{Schmitz2010186,
	Art_Number = {5686825},
	Author = {Schmitz, A., Pattacini, U., Nori, F., Natale, L., Metta, G., Sandini, G.},
	Document_Type = {Conference Paper},
	Doi = {10.1109/ICHR.2010.5686825},
	Journal = {2010 10th IEEE-RAS International Conference on Humanoid Robots, Humanoids 2010},
	Pages = {186-191},
	Source = {Scopus},
	Title = {Design, realization and sensorization of the dexterous iCub hand},
	Url = {http://www.scopus.com/inward/record.url?eid=2-s2.0-79851498717&partnerID=40&md5=0f325b4ee3ec17f520e37215d44bf7ca},
	Year = {2010},
	Bdsk-Url-1 = {http://www.scopus.com/inward/record.url?eid=2-s2.0-79851498717&partnerID=40&md5=0f325b4ee3ec17f520e37215d44bf7ca},
	Bdsk-Url-2 = {http://dx.doi.org/10.1109/ICHR.2010.5686825}}

@conference{Fumagalli20101871,
	Art_Number = {5651421},
	Author = {Fumagalli, M., Randazzo, M., Nori, F., Natale, L., Metta, G., Sandini, G.},
	Document_Type = {Conference Paper},
	Doi = {10.1109/IROS.2010.5651421},
	Journal = {IEEE/RSJ 2010 International Conference on Intelligent Robots and Systems, IROS 2010 - Conference Proceedings},
	Pages = {1871-1876},
	Source = {Scopus},
	Title = {Exploiting proximal F/T measurements for the iCub active compliance},
	Url = {http://www.scopus.com/inward/record.url?eid=2-s2.0-78651491836&partnerID=40&md5=8561be1be5942d6f0e680924954f19c3},
	Year = {2010},
	Bdsk-Url-1 = {http://www.scopus.com/inward/record.url?eid=2-s2.0-78651491836&partnerID=40&md5=8561be1be5942d6f0e680924954f19c3},
	Bdsk-Url-2 = {http://dx.doi.org/10.1109/IROS.2010.5651421}}

@conference{Cangelosi2010,
	Author = {Cangelosi, A., Belpaeme, T., Morse, A., Marocco, D., Peniak, M., Larcombe, C., Metta, G., Sandini, G., Fadiga, L., Nori, F., Natale, L., Tikhanoff, V., Gijsberts, A., Sciutti, A., Sagerer, G., Wrede, B., Rohlfing, K., Schillingmann, L., Pitsch, K., Lohan, K., Nolfi, S., Tuci, E., Massera, G., Ferrauto, T., Morlino, G., Nehaniv, C., Dautenhahn, K., Lyon, C., Saunders, J., Foester, F., Sato, Y., Fischer, K., Zeschel, A., Tani, J.},
	Document_Type = {Conference Paper},
	Journal = {4th International Conference on Cognitive Systems, CogSys 2010},
	Page_Count = {1},
	Source = {Scopus},
	Title = {ITALK: Integration and transfer of action and language knowledge in robots},
	Url = {http://www.scopus.com/inward/record.url?eid=2-s2.0-84878322325&partnerID=40&md5=f44093962e5e1c104d426e74de18bbc0},
	Year = {2010},
	Bdsk-Url-1 = {http://www.scopus.com/inward/record.url?eid=2-s2.0-84878322325&partnerID=40&md5=f44093962e5e1c104d426e74de18bbc0}}

@article{Metta2010a,
	Author = {Metta, G., Natale, L., Nori, F., Sandini, G., Vernon, D., Fadiga, L., von Hofsten, C., Rosander, K., Lopes, M., Santos-Victor, J., Bernardino, A., Montesano, L.},
	Document_Type = {Article},
	Doi = {10.1016/j.neunet.2010.08.010},
	Journal = {Neural Networks},
	Number = {8-9},
	Pages = {1125-1134},
	Source = {Scopus},
	Title = {The iCub humanoid robot: An open-systems platform for research in cognitive development},
	Url = {http://www.scopus.com/inward/record.url?eid=2-s2.0-77957861330&partnerID=40&md5=0e13aa76b7f0076b82035e28b4d20f26},
	Volume = {23},
	Year = {2010},
	Bdsk-Url-1 = {http://www.scopus.com/inward/record.url?eid=2-s2.0-77957861330&partnerID=40&md5=0e13aa76b7f0076b82035e28b4d20f26},
	Bdsk-Url-2 = {http://dx.doi.org/10.1016/j.neunet.2010.08.010}}

@article{Cangelosi2010167,
	Art_Number = {5484436},
	Author = {Cangelosi, A., Metta, G., Sagerer, G., Nolfi, S., Nehaniv, C., Fischer, K., Tani, J., Belpaeme, T., Sandini, G., Nori, F., Fadiga, L., Wrede, B., Rohlfing, K., Tuci, E., Dautenhahn, K., Saunders, J., Zeschel, A.},
	Document_Type = {Article},
	Doi = {10.1109/TAMD.2010.2053034},
	Journal = {IEEE Transactions on Autonomous Mental Development},
	Number = {3},
	Pages = {167-195},
	Source = {Scopus},
	Title = {Integration of action and language knowledge: A roadmap for developmental robotics},
	Url = {http://www.scopus.com/inward/record.url?eid=2-s2.0-77956600958&partnerID=40&md5=1ade35c1dde59ca4f5856b4616c0e8ff},
	Volume = {2},
	Year = {2010},
	Bdsk-Url-1 = {http://www.scopus.com/inward/record.url?eid=2-s2.0-77956600958&partnerID=40&md5=1ade35c1dde59ca4f5856b4616c0e8ff},
	Bdsk-Url-2 = {http://dx.doi.org/10.1109/TAMD.2010.2053034}}

@conference{Jamone2010859,
	Art_Number = {5509835},
	Author = {Jamone, L., Fumagalli, M., Metta, G., Natale, L., Nori, F., Sandini, G.},
	Document_Type = {Conference Paper},
	Doi = {10.1109/ROBOT.2010.5509835},
	Journal = {Proceedings - IEEE International Conference on Robotics and Automation},
	Pages = {859-865},
	Source = {Scopus},
	Title = {Machine-learning based control of a human-like tendon-driven neck},
	Url = {http://www.scopus.com/inward/record.url?eid=2-s2.0-77955778598&partnerID=40&md5=3bd1f41eb4fa41b22dbf46388b2b87d4},
	Year = {2010},
	Bdsk-Url-1 = {http://www.scopus.com/inward/record.url?eid=2-s2.0-77955778598&partnerID=40&md5=3bd1f41eb4fa41b22dbf46388b2b87d4},
	Bdsk-Url-2 = {http://dx.doi.org/10.1109/ROBOT.2010.5509835}}

@article{Fumagalli2010149,
	Author = {Fumagalli, M., Gijsberts, A., Ivaldi, S., Jamone, L., Metta, G., Natale, L., Nori, F., Sandini, G.},
	Document_Type = {Conference Paper},
	Doi = {10.1007/978-3-642-05181-4_7},
	Journal = {Studies in Computational Intelligence},
	Pages = {149-167},
	Source = {Scopus},
	Title = {Learning to exploit proximal force sensing: A comparison approach},
	Url = {http://www.scopus.com/inward/record.url?eid=2-s2.0-74049104494&partnerID=40&md5=acdcb991e474a609f7c9b22f5b970db6},
	Volume = {264},
	Year = {2010},
	Bdsk-Url-1 = {http://www.scopus.com/inward/record.url?eid=2-s2.0-74049104494&partnerID=40&md5=acdcb991e474a609f7c9b22f5b970db6},
	Bdsk-Url-2 = {http://dx.doi.org/10.1007/978-3-642-05181-4_7}}

@article{Lallee2010491,
	Author = {Lallee, S., Yoshida, E., Mallet, A., Nori, F., Natale, L., Metta, G., Warneken, F., Dominey, P.F.},
	Document_Type = {Conference Paper},
	Doi = {10.1007/978-3-642-05181-4_21},
	Journal = {Studies in Computational Intelligence},
	Pages = {491-536},
	Source = {Scopus},
	Title = {Human-robot cooperation based on interaction learning},
	Url = {http://www.scopus.com/inward/record.url?eid=2-s2.0-74049135650&partnerID=40&md5=400af9530ca8f0237d71664d49d39501},
	Volume = {264},
	Year = {2010},
	Bdsk-Url-1 = {http://www.scopus.com/inward/record.url?eid=2-s2.0-74049135650&partnerID=40&md5=400af9530ca8f0237d71664d49d39501},
	Bdsk-Url-2 = {http://dx.doi.org/10.1007/978-3-642-05181-4_21}}

@conference{Courtney2009139,
	Author = {Courtney, P., Michel, O., Cangelosi, A., Tikhanoff, V., Metta, G., Natale, L., Nori, F., Kernbach, S.},
	Document_Type = {Conference Paper},
	Doi = {10.1007/978-1-4419-0492-8-7},
	Journal = {Performance Evaluation and Benchmarking of Intelligent Systems},
	Pages = {139-168},
	Source = {Scopus},
	Title = {Cognitive systems platforms using open source},
	Url = {http://www.scopus.com/inward/record.url?eid=2-s2.0-84890099917&partnerID=40&md5=78c1037259534568fc27482b14f6abb8},
	Year = {2009},
	Bdsk-Url-1 = {http://www.scopus.com/inward/record.url?eid=2-s2.0-84890099917&partnerID=40&md5=78c1037259534568fc27482b14f6abb8},
	Bdsk-Url-2 = {http://dx.doi.org/10.1007/978-1-4419-0492-8-7}}

@book{Courtney2009139,
	Author = {Courtney, P., Michel, O., Cangelosi, A., Tikhanoff, V., Metta, G., Natale, L., Nori, F., Kernbach, S.},
	Document_Type = {Book Chapter},
	Doi = {10.1007/978-1-4419-0492-8_7},
	Journal = {Performance Evaluation and Benchmarking of Intelligent Systems},
	Pages = {139-168},
	Source = {Scopus},
	Title = {Cognitive systems platforms using open source},
	Url = {http://www.scopus.com/inward/record.url?eid=2-s2.0-84892360401&partnerID=40&md5=84dc4229bc99196fa04eabb087125167},
	Year = {2009},
	Bdsk-Url-1 = {http://www.scopus.com/inward/record.url?eid=2-s2.0-84892360401&partnerID=40&md5=84dc4229bc99196fa04eabb087125167},
	Bdsk-Url-2 = {http://dx.doi.org/10.1007/978-1-4419-0492-8_7}}

@conference{Fumagalli2009478,
	Art_Number = {5379533},
	Author = {Fumagalli, M., Jamone, L., Metta, G., Natale, L., Nori, F., Parmiggiani, A., Randazzo, M., Sandini, G.},
	Document_Type = {Conference Paper},
	Doi = {10.1109/ICHR.2009.5379533},
	Journal = {9th IEEE-RAS International Conference on Humanoid Robots, HUMANOIDS09},
	Pages = {478-485},
	Source = {Scopus},
	Title = {A force sensor for the control of a human-like tendon driven neck},
	Url = {http://www.scopus.com/inward/record.url?eid=2-s2.0-77950584626&partnerID=40&md5=68c66ca7b826b98dcbb7aa8200e27783},
	Year = {2009},
	Bdsk-Url-1 = {http://www.scopus.com/inward/record.url?eid=2-s2.0-77950584626&partnerID=40&md5=68c66ca7b826b98dcbb7aa8200e27783},
	Bdsk-Url-2 = {http://dx.doi.org/10.1109/ICHR.2009.5379533}}

@article{Fiorilla2009217,
	Author = {Fiorilla, A.E., Tsagarakis, N.G., Nori, F., Sandini, G.},
	Document_Type = {Article},
	Doi = {10.1080/11762320902920567},
	Journal = {Applied Bionics and Biomechanics},
	Number = {2},
	Pages = {217-228},
	Source = {Scopus},
	Title = {Design of a 2-finger hand exoskeleton for finger stiffness measurements},
	Url = {http://www.scopus.com/inward/record.url?eid=2-s2.0-75149160907&partnerID=40&md5=e314a1336007ccfbbe8b66c1ff913262},
	Volume = {6},
	Year = {2009},
	Bdsk-Url-1 = {http://www.scopus.com/inward/record.url?eid=2-s2.0-75149160907&partnerID=40&md5=e314a1336007ccfbbe8b66c1ff913262},
	Bdsk-Url-2 = {http://dx.doi.org/10.1080/11762320902920567}}

@conference{Tikhanoff200857,
	Author = {Tikhanoff, V., Cangelosi, A., Fitzpatrick, P., Metta, G., Natale, L., Nori, F.},
	Document_Type = {Conference Paper},
	Doi = {10.1145/1774674.1774684},
	Journal = {Performance Metrics for Intelligent Systems (PerMIS) Workshop},
	Pages = {57-61},
	Source = {Scopus},
	Title = {An open-source simulator for cognitive robotics research: The prototype of the iCub humanoid robot simulator},
	Url = {http://www.scopus.com/inward/record.url?eid=2-s2.0-77954478972&partnerID=40&md5=d8e4a40e729a3182528956df929079c9},
	Year = {2008},
	Bdsk-Url-1 = {http://www.scopus.com/inward/record.url?eid=2-s2.0-77954478972&partnerID=40&md5=d8e4a40e729a3182528956df929079c9},
	Bdsk-Url-2 = {http://dx.doi.org/10.1145/1774674.1774684}}

@conference{Degallier2008795,
	Art_Number = {4762847},
	Author = {Degallier, S., Righetti, L., Natale, L., Nori, F., Metta, G., Ijspeert, A.},
	Document_Type = {Conference Paper},
	Doi = {10.1109/BIOROB.2008.4762847},
	Journal = {Proceedings of the 2nd Biennial IEEE/RAS-EMBS International Conference on Biomedical Robotics and Biomechatronics, BioRob 2008},
	Pages = {795-800},
	Source = {Scopus},
	Title = {A modular bio-inspired architecture for movement generation for the infant-like robot iCub},
	Url = {http://www.scopus.com/inward/record.url?eid=2-s2.0-63049092509&partnerID=40&md5=572a5de6448a1307100cc2ca7b3653ec},
	Year = {2008},
	Bdsk-Url-1 = {http://www.scopus.com/inward/record.url?eid=2-s2.0-63049092509&partnerID=40&md5=572a5de6448a1307100cc2ca7b3653ec},
	Bdsk-Url-2 = {http://dx.doi.org/10.1109/BIOROB.2008.4762847}}

@conference{DeMichieli2008219,
	Art_Number = {4755948},
	Author = {DeMichieli, L., Nori, F., Prato, A.P., Sandini, G.},
	Document_Type = {Conference Paper},
	Doi = {10.1109/ICHR.2008.4755948},
	Journal = {2008 8th IEEE-RAS International Conference on Humanoid Robots, Humanoids 2008},
	Pages = {219-226},
	Source = {Scopus},
	Title = {Study on humanoid robot systems: An energy approach},
	Url = {http://www.scopus.com/inward/record.url?eid=2-s2.0-63549108168&partnerID=40&md5=0fbaa2f187a002cd8aa6f029cda64b49},
	Year = {2008},
	Bdsk-Url-1 = {http://www.scopus.com/inward/record.url?eid=2-s2.0-63549108168&partnerID=40&md5=0fbaa2f187a002cd8aa6f029cda64b49},
	Bdsk-Url-2 = {http://dx.doi.org/10.1109/ICHR.2008.4755948}}

@conference{Metta200850,
	Author = {Metta, G., Sandini, G., Vernon, D., Natale, L., Nori, F.},
	Document_Type = {Conference Paper},
	Doi = {10.1145/1774674.1774683},
	Journal = {Performance Metrics for Intelligent Systems (PerMIS) Workshop},
	Pages = {50-56},
	Source = {Scopus},
	Title = {The iCub humanoid robot: An open platform for research in embodied cognition},
	Url = {http://www.scopus.com/inward/record.url?eid=2-s2.0-77950550081&partnerID=40&md5=92a150daa0527122ddc5950795c2e7d0},
	Year = {2008},
	Bdsk-Url-1 = {http://www.scopus.com/inward/record.url?eid=2-s2.0-77950550081&partnerID=40&md5=92a150daa0527122ddc5950795c2e7d0},
	Bdsk-Url-2 = {http://dx.doi.org/10.1145/1774674.1774683}}

@conference{Nori2008371,
	Art_Number = {4813896},
	Author = {Nori, F., Jamone, L., Sandini, G., Metta, G.},
	Date-Modified = {2015-04-28 20:38:25 +0000},
	Document_Type = {Conference Paper},
	Doi = {10.1109/ICHR.2007.4813896},
	Journal = {Proceedings of the 2007 7th IEEE-RAS International Conference on Humanoid Robots, HUMANOIDS 2007},
	Pages = {371-378},
	Source = {Scopus},
	Title = {Accurate control of a human-like tendon-driven neck},
	Url = {http://www.scopus.com/inward/record.url?eid=2-s2.0-67649713126&partnerID=40&md5=dcdf6dbb3691e577fdf469ab3ce3f423},
	Year = {2008},
	Bdsk-Url-1 = {http://www.scopus.com/inward/record.url?eid=2-s2.0-67649713126&partnerID=40&md5=dcdf6dbb3691e577fdf469ab3ce3f423},
	Bdsk-Url-2 = {http://dx.doi.org/10.1109/ICHR.2007.4813896}}

@conference{Saegusa2008102,
	Art_Number = {4813855},
	Author = {Saegusa, R., Nori, F., Sandini, G., Metta, G., Sakka, S.},
	Document_Type = {Conference Paper},
	Doi = {10.1109/ICHR.2007.4813855},
	Journal = {Proceedings of the 2007 7th IEEE-RAS International Conference on Humanoid Robots, HUMANOIDS 2007},
	Pages = {102-108},
	Source = {Scopus},
	Title = {Sensory prediction for autonomous robots},
	Url = {http://www.scopus.com/inward/record.url?eid=2-s2.0-67649739440&partnerID=40&md5=958106b1f43b26cb4b192c7dcf7abb27},
	Year = {2008},
	Bdsk-Url-1 = {http://www.scopus.com/inward/record.url?eid=2-s2.0-67649739440&partnerID=40&md5=958106b1f43b26cb4b192c7dcf7abb27},
	Bdsk-Url-2 = {http://dx.doi.org/10.1109/ICHR.2007.4813855}}

@book{Nori2008209,
	Author = {Nori, F., Metta, G., Sandini, G.},
	Document_Type = {Book Chapter},
	Doi = {10.1007/978-1-84800-261-6_10},
	Journal = {Robust Intelligent Systems},
	Pages = {209-229},
	Source = {Scopus},
	Title = {Exploiting motor modules in modular contexts in humanoid robotics},
	Url = {http://www.scopus.com/inward/record.url?eid=2-s2.0-84875985373&partnerID=40&md5=3b21f3c7f6a57a3270731fbea6dcb582},
	Year = {2008},
	Bdsk-Url-1 = {http://www.scopus.com/inward/record.url?eid=2-s2.0-84875985373&partnerID=40&md5=3b21f3c7f6a57a3270731fbea6dcb582},
	Bdsk-Url-2 = {http://dx.doi.org/10.1007/978-1-84800-261-6_10}}

@conference{Dominey2008693,
	Art_Number = {4755974},
	Author = {Dominey, P.F., Metta, G., Nori, F., Natale, L.},
	Document_Type = {Conference Paper},
	Doi = {10.1109/ICHR.2008.4755974},
	Journal = {2008 8th IEEE-RAS International Conference on Humanoid Robots, Humanoids 2008},
	Pages = {693-699},
	Source = {Scopus},
	Title = {Anticipation and initiative in human-humanoid interaction},
	Url = {http://www.scopus.com/inward/record.url?eid=2-s2.0-63549094744&partnerID=40&md5=f6d6130097a16368f067111b2a6e73ba},
	Year = {2008},
	Bdsk-Url-1 = {http://www.scopus.com/inward/record.url?eid=2-s2.0-63549094744&partnerID=40&md5=f6d6130097a16368f067111b2a6e73ba},
	Bdsk-Url-2 = {http://dx.doi.org/10.1109/ICHR.2008.4755974}}

@conference{Nori20071142,
	Art_Number = {4399467},
	Author = {Nori, F. and Natale, L. and Sandini G. and Metta, G.},
	Booktitle = {IEEE International Conference on Intelligent Robots and Systems},
	Date-Modified = {2015-04-29 07:42:21 +0000},
	Document_Type = {Conference Paper},
	Doi = {10.1109/IROS.2007.4399467},
	Pages = {1142-1147},
	Source = {Scopus},
	Title = {Autonomous learning of 3D reaching in a humanoid robot},
	Url = {http://www.scopus.com/inward/record.url?eid=2-s2.0-51349098872&partnerID=40&md5=8c1321e97f32948925911f94298133df},
	Year = {2007},
	Bdsk-Url-1 = {http://www.scopus.com/inward/record.url?eid=2-s2.0-51349098872&partnerID=40&md5=8c1321e97f32948925911f94298133df},
	Bdsk-Url-2 = {http://dx.doi.org/10.1109/IROS.2007.4399467}}

@conference{Natale2007324,
	Art_Number = {4354059},
	Author = {Natale, L., Nori, F., Sandini, G., Metta, G.},
	Document_Type = {Conference Paper},
	Doi = {10.1109/DEVLRN.2007.4354059},
	Journal = {2007 IEEE 6th International Conference on Development and Learning, ICDL},
	Pages = {324-329},
	Source = {Scopus},
	Title = {Learning precise 3D reaching in a humanoid robot},
	Url = {http://www.scopus.com/inward/record.url?eid=2-s2.0-50849110500&partnerID=40&md5=9b7b5e6f60336d300412e8d364b7d86c},
	Year = {2007},
	Bdsk-Url-1 = {http://www.scopus.com/inward/record.url?eid=2-s2.0-50849110500&partnerID=40&md5=9b7b5e6f60336d300412e8d364b7d86c},
	Bdsk-Url-2 = {http://dx.doi.org/10.1109/DEVLRN.2007.4354059}}

@conference{Jamone2006143,
	Art_Number = {4115593},
	Author = {Jamone, L., Metta, G., Nori, F., Sandini, G.},
	Document_Type = {Conference Paper},
	Doi = {10.1109/ICHR.2006.321376},
	Journal = {Proceedings of the 2006 6th IEEE-RAS International Conference on Humanoid Robots, HUMANOIDS},
	Pages = {143-150},
	Source = {Scopus},
	Title = {James: A humanoid robot acting over an unstructured world},
	Url = {http://www.scopus.com/inward/record.url?eid=2-s2.0-48149102731&partnerID=40&md5=ac854b2e613cf91ffbc51315c8acbc14},
	Year = {2006},
	Bdsk-Url-1 = {http://www.scopus.com/inward/record.url?eid=2-s2.0-48149102731&partnerID=40&md5=ac854b2e613cf91ffbc51315c8acbc14},
	Bdsk-Url-2 = {http://dx.doi.org/10.1109/ICHR.2006.321376}}

@conference{Nori2006193,
	Author = {Nori, F., Metta, G., Jamone, L., Sandini, G.},
	Document_Type = {Conference Paper},
	Journal = {Proceedings of AISB'06: Adaptation in Artificial and Biological Systems},
	Pages = {193-196},
	Source = {Scopus},
	Title = {Adaptive combination of motor primitives},
	Url = {http://www.scopus.com/inward/record.url?eid=2-s2.0-84858412648&partnerID=40&md5=820d351ed1f718074fafe719e8735714},
	Volume = {1},
	Year = {2006},
	Bdsk-Url-1 = {http://www.scopus.com/inward/record.url?eid=2-s2.0-84858412648&partnerID=40&md5=820d351ed1f718074fafe719e8735714}}

@conference{Nori20052344,
	Art_Number = {1570463},
	Author = {Nori, F., Frezza, R.},
	Document_Type = {Conference Paper},
	Doi = {10.1109/ROBOT.2005.1570463},
	Journal = {Proceedings - IEEE International Conference on Robotics and Automation},
	Pages = {2344-2349},
	Source = {Scopus},
	Title = {Control of a manipulator with a minimum number of motion primitives},
	Url = {http://www.scopus.com/inward/record.url?eid=2-s2.0-33846164460&partnerID=40&md5=daa941bb033c269252ce85f5548ea64f},
	Volume = {2005},
	Year = {2005},
	Bdsk-Url-1 = {http://www.scopus.com/inward/record.url?eid=2-s2.0-33846164460&partnerID=40&md5=daa941bb033c269252ce85f5548ea64f},
	Bdsk-Url-2 = {http://dx.doi.org/10.1109/ROBOT.2005.1570463}}

@article{Nori2005323,
	Author = {Nori, F., Frezza, R.},
	Document_Type = {Article},
	Doi = {10.1007/s00422-005-0008-x},
	Journal = {Biological Cybernetics},
	Number = {5},
	Pages = {323-342},
	Source = {Scopus},
	Title = {A control theory approach to the analysis and synthesis of the experimentally observed motion primitives},
	Url = {http://www.scopus.com/inward/record.url?eid=2-s2.0-27744600135&partnerID=40&md5=5bda8f2ab2b1071fb863d6eaf99c3f47},
	Volume = {93},
	Year = {2005},
	Bdsk-Url-1 = {http://www.scopus.com/inward/record.url?eid=2-s2.0-27744600135&partnerID=40&md5=5bda8f2ab2b1071fb863d6eaf99c3f47},
	Bdsk-Url-2 = {http://dx.doi.org/10.1007/s00422-005-0008-x}}

@conference{Gasbarro2004779,
	Author = {Gasbarro, L., Beghi, A., Frezza, R., Nori, F., Spagnol, C.},
	Document_Type = {Conference Paper},
	Journal = {Proceedings of the IEEE Conference on Decision and Control},
	Pages = {779-783},
	Source = {Scopus},
	Title = {Motorcycle trajectory reconstruction by integration of vision and MEMS accelerometers},
	Url = {http://www.scopus.com/inward/record.url?eid=2-s2.0-14344263182&partnerID=40&md5=e8bc2733e3718371cbf5e631b65206e4},
	Volume = {1},
	Year = {2004},
	Bdsk-Url-1 = {http://www.scopus.com/inward/record.url?eid=2-s2.0-14344263182&partnerID=40&md5=e8bc2733e3718371cbf5e631b65206e4}}

@conference{Nori20041075,
	Art_Number = {TuC04.6},
	Author = {Nori, F., Frezza, R.},
	Document_Type = {Conference Paper},
	Doi = {10.1109/CDC.2004.1428835},
	Journal = {Proceedings of the IEEE Conference on Decision and Control},
	Pages = {1075-1080},
	Source = {Scopus},
	Title = {Biologically inspired control of a kinematic chain using the superposition of motion primitives},
	Url = {http://www.scopus.com/inward/record.url?eid=2-s2.0-14344260691&partnerID=40&md5=66d50ce6eb4ea7a462498668327f33e4},
	Volume = {1},
	Year = {2004},
	Bdsk-Url-1 = {http://www.scopus.com/inward/record.url?eid=2-s2.0-14344260691&partnerID=40&md5=66d50ce6eb4ea7a462498668327f33e4},
	Bdsk-Url-2 = {http://dx.doi.org/10.1109/CDC.2004.1428835}}

@conference{Nori2003259,
	Art_Number = {1212919},
	Author = {Nori, F., Frezza, R.},
	Document_Type = {Conference Paper},
	Doi = {10.1109/IVS.2003.1212919},
	Journal = {IEEE Intelligent Vehicles Symposium, Proceedings},
	Pages = {259-264},
	Source = {Scopus},
	Title = {Accurate reconstruction of the path followed by a motorcycle from the on-board camera images},
	Url = {http://www.scopus.com/inward/record.url?eid=2-s2.0-84908245732&partnerID=40&md5=8bb31c5ed0e2a6c6db616946d5a2a55c},
	Year = {2003},
	Bdsk-Url-1 = {http://www.scopus.com/inward/record.url?eid=2-s2.0-84908245732&partnerID=40&md5=8bb31c5ed0e2a6c6db616946d5a2a55c},
	Bdsk-Url-2 = {http://dx.doi.org/10.1109/IVS.2003.1212919}}

@article{Menegatti200281,
	Author = {Menegatti, E., Nori, F., Pagello, E., Pellizzari, C., Spagnoli, D.},
	Document_Type = {Conference Paper},
	Journal = {Lecture Notes in Computer Science (including subseries Lecture Notes in Artificial Intelligence and Lecture Notes in Bioinformatics)},
	Pages = {81-91},
	Source = {Scopus},
	Title = {Designing an omnidirectional vision system for a goalkeeper robot},
	Url = {http://www.scopus.com/inward/record.url?eid=2-s2.0-84867447485&partnerID=40&md5=87729538867f40bf4eb15312e6cf0cab},
	Volume = {2377 LNAI},
	Year = {2002},
	Bdsk-Url-1 = {http://www.scopus.com/inward/record.url?eid=2-s2.0-84867447485&partnerID=40&md5=87729538867f40bf4eb15312e6cf0cab}}
