%% This BibTeX bibliography file was created using BibDesk.
%% http://bibdesk.sourceforge.net/


%% Created for Francesco Nori at 2015-04-29 14:37:07 +0200 


%% Saved with string encoding Unicode (UTF-8) 



@inproceedings{fiorio14,
	Address = {Berkeley, USA},
	Author = {L. Fiorio AND F. Romano AND A. Parmiggiani AND G. Sandini AND Francesco Nori},
	Booktitle = {Proceedings of Robotics: Science and Systems},
	Date-Added = {2015-04-27 15:55:54 +0000},
	Date-Modified = {2015-04-27 15:57:03 +0000},
	Month = {July},
	Title = {Stiction Compensation in Agonist-Antagonist Variable Stiffness Actuators},
	Year = {2014}}

@article{berret2011,
	Art_Number = {e1002183},
	Author = {Berret, B. and Chiovetto, E. and Nori, Francesco and Pozzo, T.},
	Date-Added = {2015-04-27 15:36:40 +0000},
	Date-Modified = {2015-04-28 16:07:41 +0000},
	Document_Type = {Article},
	Doi = {10.1371/journal.pcbi.1002183},
	Journal = {PLoS Computational Biology},
	Number = {10},
	Source = {Scopus},
	Title = {Evidence for composite cost functions in arm movement planning: An inverse optimal control approach},
	Volume = {7},
	Year = {2011},
	Bdsk-Url-1 = {http://www.scopus.com/inward/record.url?eid=2-s2.0-80055085712&partnerID=40&md5=1d305fb5cc1c5d0e5f19dd42aaa72760},
	Bdsk-Url-2 = {http://dx.doi.org/10.1371/journal.pcbi.1002183}}

@article{nori2015a,
	Abstract = {This paper details the implementation of state-of-the-art whole-body control algorithms on the humanoid robot iCub. We regulate the forces between the robot and its surrounding environment to stabilize a desired posture. We assume that the forces and torques are exerted on rigid contacts. The validity of this assumption is guaranteed by constraining the contact forces and torques, e.g., the contact forces must belong to the associated friction cones. The implementation of this control strategy requires the estimation of both joint torques and external forces acting on the robot. We then detail algorithms to obtain these estimates when using a robot with an iCub-like sensor set, i.e., distributed six-axis force-torque sensors and whole-body tactile sensors. A general theory for identifying the robot inertial parameters is also presented. From an actuation standpoint, we show how to implement a joint-torque control in the case of DC brushless motors. In addition, the coupling mechanism of the iCub torso is investigated. The soundness of the entire control architecture is validated in a real scenario involving the robot iCub balancing and making contact with both arms.},
	Author = {Nori, Francesco and Traversaro, S. and Eljaik, J. and Romano, F. and Del Prete, A. and Pucci, D.},
	Date-Added = {2015-04-26 17:46:50 +0000},
	Date-Modified = {2015-04-29 12:37:07 +0000},
	Doi = {10.3389/frobt.2015.00006},
	Issn = {2296-9144},
	Journal = {Frontiers in Robotics and AI},
	Number = {6},
	Title = {{iCub Whole-body Control through Force Regulation on Rigid Noncoplanar Contacts}},
	Url = {http://www.frontiersin.org/humanoid_robotics/10.3389/frobt.2015.00006/abstract},
	Volume = {2},
	Year = {2015},
	Bdsk-Url-1 = {http://www.frontiersin.org/humanoid_robotics/10.3389/frobt.2015.00006/abstract},
	Bdsk-Url-2 = {http://dx.doi.org/10.3389/frobt.2015.00006}}

@article{metta2010,
	Author = {Metta, G. and Natale, L. and Nori, Francesco and Sandini, G. and Vernon, D. and Fadiga, L. and von Hofsten, C. and Rosander, K. and Lopes, M. and Santos-Victor, J. and Bernardino, A. and Montesano, L.},
	Date-Added = {2015-04-26 17:18:29 +0000},
	Date-Modified = {2015-04-26 17:37:56 +0000},
	Institution = {Uppsala University, Department of Psychology},
	Journal = {Neural Networks},
	Number = {8-9},
	Pages = {1125--1134},
	Title = {The iCub humanoid robot : An open-systems platform for research in cognitive development},
	Volume = {23},
	Year = {2010}}

@article{fumagalli2012,
	Author = {M. Fumagalli and S. Ivaldi and M. Randazzo and L. Natale and G. Metta and G. Sandini and Francesco Nori},
	Bibsource = {dblp computer science bibliography, http://dblp.org},
	Biburl = {http://dblp2.uni-trier.de/rec/bib/journals/arobots/FumagalliIRNMSN12},
	Date-Added = {2015-04-26 17:17:13 +0000},
	Date-Modified = {2015-04-26 17:36:59 +0000},
	Doi = {10.1007/s10514-012-9291-2},
	Journal = {Auton. Robots},
	Number = {4},
	Pages = {381--398},
	Timestamp = {Fri, 07 Sep 2012 13:58:51 +0200},
	Title = {Force feedback exploiting tactile and proximal force/torque sensing - Theory and implementation on the humanoid robot iCub},
	Url = {http://dx.doi.org/10.1007/s10514-012-9291-2},
	Volume = {33},
	Year = {2012},
	Bdsk-Url-1 = {http://dx.doi.org/10.1007/s10514-012-9291-2}}

@article{nori2005,
	Added-At = {2006-11-22T00:00:00.000+0100},
	Author = {Nori, Francesco and Frezza, R.},
	Biburl = {http://www.bibsonomy.org/bibtex/21bdbcd5bba94e96f753c6986a1cd5b70/dblp},
	Date = {2006-11-22},
	Date-Added = {2015-04-26 17:10:00 +0000},
	Date-Modified = {2015-04-26 17:39:00 +0000},
	Description = {dblp},
	Ee = {http://dx.doi.org/10.1007/s00422-005-0008-x},
	Interhash = {d74e5db57dab7fa6f06c8b693d97a622},
	Intrahash = {1bdbcd5bba94e96f753c6986a1cd5b70},
	Journal = {Biological Cybernetics},
	Keywords = {dblp},
	Number = 5,
	Pages = {323-342},
	Timestamp = {2006-11-22T00:00:00.000+0100},
	Title = {A control theory approach to the analysis and synthesis of the experimentally observed motion primitives.},
	Url = {http://dblp.uni-trier.de/db/journals/bc/bc93.html#NoriF05},
	Volume = 93,
	Year = 2005,
	Bdsk-Url-1 = {http://dblp.uni-trier.de/db/journals/bc/bc93.html#NoriF05}}
