%% This BibTeX bibliography file was created using BibDesk.
%% http://bibdesk.sourceforge.net/


%% Created for Francesco Nori at 2015-04-30 09:52:14 +0200 


%% Saved with string encoding Unicode (UTF-8) 



@misc{idyn,
	Author = {Silvio Traversaro and Matteo Fumagalli and Serena Ivaldi and Francesco Nori},
	Howpublished = {\url{https://github.com/robotology-playground/idyntree}},
	Title = {{iDynTree: a C++ library of algorithms related to robots dynamics, specifically designed for free floating robots.}},
	Year = {2011--2015}}

@misc{berdy,
	Author = {Silvio Traversaro and Naveen Kuppuswamy and Francesco Nori},
	Howpublished = {\url{https://github.com/iron76/bnt_time_varying}},
	Title = {{BERDY: a Matlab library for efficient computation of maximum-a-posteriori dynamics.}},
	Year = {2013--2015}}

@misc{ikin,
	Author = {Ugo Pattacini},
	Howpublished = {\url{http://wiki.icub.org/brain/group__iKinSlv.html}},
	Title = {{iKinSlv: a class for on-line solution of inverse kinematics based on IpOpt.}},
	Year = {2013--2015}}

@misc{torqueBalancing,
	Author = {Francesco Romano and Daniele Pucci and Francesco Nori},
	Date-Modified = {2015-04-30 07:52:13 +0000},
	Howpublished = {\url{https://github.com/robotology/codyco-modules/tree/master/src/modules/torqueBalancing}},
	Title = {{torqueBalancing: a module for whole-body control through force regulation with mutiple rigid non-coplanar contacts}},
	Year = {2013--2015}}
